@article{hailey2008ubuntu,
  title={Ubuntu: A literature review},
  author={Hailey, John},
  journal={Document. London: Tutu Foundation},
  year={2008},
  publisher={Citeseer}
}

@inproceedings{de2010new,
  title={The new linux’perf’tools},
  author={De Melo, Arnaldo Carvalho},
  booktitle={Slides from Linux Kongress},
  volume={18},
  pages={1--42},
  year={2010}
}

@inproceedings{branner1989mandelbrot,
  title={The mandelbrot set},
  author={Branner, Bodil},
  booktitle={Proc. symp. appl. math},
  volume={39},
  pages={75--105},
  year={1989}
}

@article{shishikura1998hausdorff,
  title={The Hausdorff dimension of the boundary of the Mandelbrot set and Julia sets},
  author={Shishikura, Mitsuhiro},
  journal={Annals of Mathematics},
  pages={225--267},
  year={1998},
  publisher={JSTOR}
}

@article{lei1990similarity,
  title={Similarity between the Mandelbrot set and Julia sets},
  author={Lei, Tan},
  journal={Communications in mathematical physics},
  volume={134},
  number={3},
  pages={587--617},
  year={1990},
  publisher={Springer}
}

@incollection{douady1986julia,
  title={Julia sets and the Mandelbrot set},
  author={Douady, Adrien},
  booktitle={The beauty of fractals},
  pages={161--174},
  year={1986},
  publisher={Springer}
}